<?xml version="1.0" encoding="UTF-8"?><record xmlns="http://www.loc.gov/MARC21/slim" xmlns:cinclude="http://apache.org/cocoon/include/1.0" xmlns:zs="http://www.loc.gov/zing/srw/">
  <leader>00350nz  a2200133n  4500</leader>
  <controlfield tag="001">no 00023056 </controlfield>
  <controlfield tag="003">DLC</controlfield>
  <controlfield tag="005">20000404070030.0</controlfield>
  <controlfield tag="008">000403n| acannaabn          |n aaa     c</controlfield>
  <datafield tag="010" ind1=" " ind2=" ">
    <subfield code="a">no 00023056 </subfield>
  </datafield>
  <datafield tag="035" ind1=" " ind2=" ">
    <subfield code="a">(OCoLC)oca05189826</subfield>
  </datafield>
  <datafield tag="040" ind1=" " ind2=" ">
    <subfield code="a">FJ-MA</subfield>
    <subfield code="b">eng</subfield>
    <subfield code="c">FJ-MA</subfield>
  </datafield>
  <datafield tag="100" ind1="1" ind2=" ">
    <subfield code="a">Feast, Michael</subfield>
  </datafield>
  <datafield tag="670" ind1=" " ind2=" ">
    <subfield code="a">Touching evil [VR] c1998:</subfield>
    <subfield code="b">title frames (Michael Feast)</subfield>
  </datafield>
</record>